<record><leader>00000cas a22000007a 4500</leader><controlfield tag="001">12897672</controlfield><controlfield tag="008">851212d19111915wvuwr ne      0    0eng d</controlfield><datafield ind1=" " ind2=" " tag="010"><subfield code="a">sn 85059765 </subfield></datafield><datafield ind1=" " ind2=" " tag="040"><subfield code="a">WVC</subfield><subfield code="b">eng</subfield><subfield code="c">WVC</subfield><subfield code="d">EYM</subfield><subfield code="d">OCL</subfield><subfield code="d">OCLCQ</subfield></datafield><datafield ind1=" " ind2=" " tag="042"><subfield code="a">msc</subfield></datafield><datafield ind1="0" ind2="4" tag="245"><subfield code="a">The Socialist and labor star.</subfield></datafield><datafield ind1="1" ind2="3" tag="246"><subfield code="a">Labor star</subfield><subfield code="f">Mar. 20, 1914-Jan. 1, 1915</subfield></datafield><datafield ind1=" " ind2=" " tag="260"><subfield code="a">Huntington, W. Va. :</subfield><subfield code="b">Socialist Print. Co.,</subfield><subfield code="c">-1915.</subfield></datafield><datafield ind1=" " ind2=" " tag="300"><subfield code="a">v.</subfield></datafield><datafield ind1=" " ind2=" " tag="310"><subfield code="a">Weekly</subfield></datafield><datafield ind1="1" ind2=" " tag="362"><subfield code="a">Began in 1911?</subfield><subfield code="z">Cf. Corbin, d. The Socialist and Labor Star.</subfield></datafield><datafield ind1="0" ind2=" " tag="362"><subfield code="a">-Jan. 1, 1915.</subfield></datafield><datafield ind1=" " ind2=" " tag="500"><subfield code="a">Editor: W.H. Thompson.</subfield></datafield><datafield ind1=" " ind2=" " tag="515"><subfield code="a">No issues published between May 8, 1912 and May 30, 1912. (The printing plant was destroyed and the staff sent to jail by the W. Va. Militia.).</subfield></datafield><datafield ind1=" " ind2=" " tag="521"><subfield code="a">"Official organ of the Socialist Party and of the Huntington Trades and Labor Assembly."</subfield></datafield><datafield ind1=" " ind2=" " tag="580"><subfield code="a">Merged with: Labor argus (Charleston, W. Va.), to form: Argus-star (non-extant).</subfield></datafield><datafield ind1=" " ind2=" " tag="588"><subfield code="a">Description based on: Vol. 2, no. 1 (May 30, 1912).</subfield></datafield><datafield ind1=" " ind2=" " tag="752"><subfield code="a">United States</subfield><subfield code="b">West Virginia</subfield><subfield code="c">Cabell</subfield><subfield code="d">Huntington.</subfield></datafield><datafield ind1="1" ind2="7" tag="785"><subfield code="t">Labor argus</subfield><subfield code="w">(DLC)sn 85059855</subfield><subfield code="w">(OCoLC)12926141</subfield></datafield><datafield ind1="1" ind2="7" tag="785"><subfield code="t">Argus-star</subfield></datafield><datafield ind1="1" ind2=" " tag="029"><subfield code="a">AU@</subfield><subfield code="b">000023533539</subfield></datafield></record>